
@misc{geometa_lab_hsr,
    title = {Geometa Lab at HSR},
    year  = {2018},
    url = {https://www.ifs.hsr.ch/index.php?id=12520},
    note = {[Online; accessed 20-February-2018]},
    urldate = {2018-02-20}
}

@misc{structurizr,
    title = {Structurizr},
    year  = {2018},
    url = {https://structurizr.com/},
    note = {[Online; accessed 20-February-2018]},
    urldate = {2018-02-20}
}

@misc{c4model,
    title = {C4 model},
    year  = {2018},
    url = {https://c4model.com/},
    note = {[Online; accessed 20-February-2018]},
    urldate = {2018-02-20}
}

@misc{github:doc,
    title = {Github: ResidenceConan/doc},
    year  = {2018},
    url = {https://github.com/ResidenceConan/doc},
    note = {[Online; accessed 20-February-2018]},
    urldate = {2018-02-20}
}

@misc{travis-ci,
    title = {Travis CI},
    year  = {2018},
    url = {https://travis-ci.org/},
    note = {[Online; accessed 20-February-2018]},
    urldate = {2018-02-20}
}

@misc{circleci,
    title = {CircleCI},
    year  = {2018},
    url = {https://circleci.com/},
    note = {[Online; accessed 20-February-2018]},
    urldate = {2018-02-20}
}
